
@misc{noauthor_standardization_nodate,
	title = {Standardization vs. normalization {\textbar} {Data} {Mining} {Blog} - www.dataminingblog.com},
	note = {\url{http://www.dataminingblog.com/standardization-vs-normalization/}},
	abstract = {In the overall knowledge discovery process, before data mining itself, data preprocessing plays a crucial role. One of the first steps concerns the},
	language = {en-US},
	urldate = {2019-01-16},
	file = {Snapshot:/home/mkru/Zotero/storage/I9F836DG/standardization-vs-normalization.html:text/html}
}
